:20:CSCT032000136465
:25:NL62UGBI0711111111
:28C:00001/001
:60F:C171120AUD12349,27
:61:1507020702D115945,00F014NARRATIVE//0207150143062089CRLF1234567890
:62F:C091120AUD98838,27
:65:C091120AUD98838,27
:64:C091120AUD98838,27
:86:DHL EXPRESS NETHERLANDS B.V.SW-INGBNL2A DBI2662676 / DBI2666767/AMSR0019333 18/AMSR001944608/AMSR001954625